@BOOK{Ahuja93:NetworkFlows,
  AUTHOR =       {{Ahuja}, R. and {Magnanti}, T. and {Orlin}, J.},
  TITLE =        {Network Flows: Theory, Algorithms, and Applications},
  PUBLISHER =    {Prentice Hall},
  YEAR =         {1993},
}

