

@ARTICLE{Boyd10-ADMM,
  AUTHOR =       {{Boyd}, S. and {Parikh}, N. and {Chu}, E. and {Peleato}, B. and {Eckstein}, J.},
  TITLE =        {Distributed Optimization and Statistical Learning via the Alternating Method of Multipliers},
  JOURNAL =      {Found. Trends Mach. Learn.},
  YEAR =         {2010},
  volume =       {3},
  number =       {1},
}